@misc{floorgraphs2021,
  doi       = {10.48550/ARXIV.2108.05947},
  url       = {https://arxiv.org/abs/2108.05947},
  author    = {Paudel, Abhishek and Dhakal, Roshan and Bhattarai, Sakshat},
  keywords  = {Machine Learning (cs.LG), FOS: Computer and information sciences, FOS: Computer and information sciences},
  title     = {Room Classification on Floor Plan Graphs using Graph Neural Networks},
  publisher = {arXiv},
  year      = {2021},
  copyright = {Creative Commons Attribution 4.0 International}
}

@dataset{cubicasa5k,
  author    = {Ahti Kalervo and
               Juha Ylioinas and
               Markus Häikiö and
               Antti Karhu and
               Juho Kannala},
  title     = {CubiCasa5k},
  month     = mar,
  year      = 2019,
  publisher = {Zenodo},
  version   = {1.0},
  doi       = {10.5281/zenodo.2613548},
  url       = {https://doi.org/10.5281/zenodo.2613548}
}

@inproceedings{rastertovec2017,
  author    = {Liu, Chen and Wu, Jiajun and Kohli, Pushmeet and Furukawa, Yasutaka},
  booktitle = {2017 IEEE International Conference on Computer Vision (ICCV)},
  title     = {Raster-to-Vector: Revisiting Floorplan Transformation},
  year      = {2017},
  pages     = {2214-2222},
  doi       = {10.1109/ICCV.2017.241}
}

@misc{appleroomplan,
  title  = {RoomPlan Overview},
  author = {Apple Developer},
  url    = {https://developer.apple.com/augmented-reality/roomplan/}
}

@misc{tagcn,
  doi       = {10.48550/ARXIV.1710.10370},
  url       = {https://arxiv.org/abs/1710.10370},
  author    = {Du, Jian and Zhang, Shanghang and Wu, Guanhang and Moura, Jose M. F. and Kar, Soummya},
  keywords  = {Machine Learning (cs.LG), Machine Learning (stat.ML), FOS: Computer and information sciences, FOS: Computer and information sciences},
  title     = {Topology Adaptive Graph Convolutional Networks},
  publisher = {arXiv},
  year      = {2017},
  copyright = {arXiv.org perpetual, non-exclusive license}
}

@misc{graphsage,
  doi       = {10.48550/ARXIV.1706.02216},
  url       = {https://arxiv.org/abs/1706.02216},
  author    = {Hamilton, William L. and Ying, Rex and Leskovec, Jure},
  keywords  = {Social and Information Networks (cs.SI), Machine Learning (cs.LG), Machine Learning (stat.ML), FOS: Computer and information sciences, FOS: Computer and information sciences},
  title     = {Inductive Representation Learning on Large Graphs},
  publisher = {arXiv},
  year      = {2017},
  copyright = {arXiv.org perpetual, non-exclusive license}
}

@misc{gcn,
  doi       = {10.48550/ARXIV.1609.02907},
  url       = {https://arxiv.org/abs/1609.02907},
  author    = {Kipf, Thomas N. and Welling, Max},
  keywords  = {Machine Learning (cs.LG), Machine Learning (stat.ML), FOS: Computer and information sciences, FOS: Computer and information sciences},
  title     = {Semi-Supervised Classification with Graph Convolutional Networks},
  publisher = {arXiv},
  year      = {2016},
  copyright = {arXiv.org perpetual, non-exclusive license}
}

@misc{gat,
  doi       = {10.48550/ARXIV.1710.10903},
  url       = {https://arxiv.org/abs/1710.10903},
  author    = {Veličković, Petar and Cucurull, Guillem and Casanova, Arantxa and Romero, Adriana and Liò, Pietro and Bengio, Yoshua},
  keywords  = {Machine Learning (stat.ML), Artificial Intelligence (cs.AI), Machine Learning (cs.LG), Social and Information Networks (cs.SI), FOS: Computer and information sciences, FOS: Computer and information sciences},
  title     = {Graph Attention Networks},
  publisher = {arXiv},
  year      = {2017},
  copyright = {arXiv.org perpetual, non-exclusive license}
}

@inproceedings{pytorch_geometric,
  title     = {Fast Graph Representation Learning with {PyTorch Geometric}},
  author    = {Fey, Matthias and Lenssen, Jan E.},
  booktitle = {ICLR Workshop on Representation Learning on Graphs and Manifolds},
  year      = {2019}
}
